<?xml version="1.0" encoding="UTF-8"?><collection xmlns="http://www.loc.gov/MARC21/slim"><record><leader>00514nam--2200205-u-4500</leader><controlfield tag="001">000056008</controlfield><controlfield tag="002">20161230</controlfield><controlfield tag="005">20161230201052</controlfield><controlfield tag="008">141114s1000------------r-----000-0-rum-d</controlfield><datafield ind1=" " ind2=" " tag="020"><subfield code="a">9733501085</subfield></datafield><datafield ind1=" " ind2=" " tag="040"><subfield code="a">IFIN-HH</subfield></datafield><datafield ind1=" " ind2=" " tag="041"><subfield code="a">rum</subfield></datafield><datafield ind1=" " ind2=" " tag="080"><subfield code="a">532</subfield></datafield><datafield ind1="1" ind2=" " tag="100"><subfield code="a">Sandor, Ladislau</subfield></datafield><datafield ind1="1" ind2="0" tag="245"><subfield code="a">Transmisii hidraulice</subfield><subfield code="c">Ladislau sandor; petru branzas; ioan rus</subfield></datafield><datafield ind1=" " ind2=" " tag="260"><subfield code="a">Cluj-napoca</subfield><subfield code="b">Editura Dacia</subfield><subfield code="c">1990</subfield></datafield><datafield ind1=" " ind2=" " tag="300"><subfield code="a">199P</subfield></datafield><datafield ind1="1" ind2=" " tag="700"><subfield code="a">Rus, Ioan</subfield></datafield><datafield ind1=" " ind2=" " tag="852"><subfield code="a">82386</subfield><subfield code="c">532</subfield></datafield><datafield ind1=" " ind2=" " tag="CAT"><subfield code="a">Sys</subfield><subfield code="c">20141114</subfield><subfield code="h">155959</subfield></datafield></record></collection>